<?xml version="1.0" encoding="UTF-8"?><record xmlns="http://www.loc.gov/MARC21/slim" xmlns:cinclude="http://apache.org/cocoon/include/1.0" xmlns:zs="http://www.loc.gov/zing/srw/">
  <leader>00922cz  a2200181n  4500</leader>
  <controlfield tag="001">n  85037088 </controlfield>
  <controlfield tag="003">DLC</controlfield>
  <controlfield tag="005">20141209074246.0</controlfield>
  <controlfield tag="008">850604n| acannaab           |n aba      </controlfield>
  <datafield tag="010" ind1=" " ind2=" ">
    <subfield code="a">n  85037088 </subfield>
    <subfield code="z">nr 92006176 </subfield>
  </datafield>
  <datafield tag="040" ind1=" " ind2=" ">
    <subfield code="a">DLC</subfield>
    <subfield code="b">eng</subfield>
    <subfield code="c">DLC</subfield>
    <subfield code="d">DLC</subfield>
  </datafield>
  <datafield tag="100" ind1="1" ind2=" ">
    <subfield code="a">Andrews, Kay</subfield>
  </datafield>
  <datafield tag="667" ind1=" " ind2=" ">
    <subfield code="a">THIS 1XX FIELD CANNOT BE USED UNDER RDA UNTIL THIS UNDIFFERENTIATED RECORD HAS BEEN HANDLED FOLLOWING THE GUIDELINES IN DCM Z1 008/32</subfield>
  </datafield>
  <datafield tag="670" ind1=" " ind2=" ">
    <subfield code="a">[Author of Income maintenance for young people in education ...]</subfield>
  </datafield>
  <datafield tag="670" ind1=" " ind2=" ">
    <subfield code="a">Her Income maintenance for young people in education ... 1984:</subfield>
    <subfield code="b">t.p. (Kay Andrews, Res. Div., House of Commons Libr., Westminster) t.p. verso (Dr.)</subfield>
  </datafield>
  <datafield tag="670" ind1=" " ind2=" ">
    <subfield code="a">LC data base, 5-28-85</subfield>
    <subfield code="b">(hdg.: Andrews, Kay)</subfield>
  </datafield>
  <datafield tag="670" ind1=" " ind2=" ">
    <subfield code="a">[Author of Oral history project]</subfield>
  </datafield>
  <datafield tag="670" ind1=" " ind2=" ">
    <subfield code="a">Oral history project</subfield>
    <subfield code="b">(Kay Andrews; registered nurse at Medical College of Virginia, Clinical Transplant Center, Richmond; supervisor, 1963-1968)</subfield>
  </datafield>
</record>